@inproceedings{zilka2013,
  title={Comparison of Bayesian Discriminative and Generative Models for Dialogue State Tracking},
  author={Zilka and Marek and Korvas and Jurcicek},
  booktitle={{Proc. of the 14th AnnualMeeting of the Special Interest Group on Discourse and Dialogue, Metz, France,}},
  pages={452--457},
  year={2013}
}
@inproceedings{Henderson2014d,
    author = { Henderson, M. and  Thomson, B. and Young, S. J.},
    booktitle = {Proceedings of IEEE Spoken Language Technology},
    title = {{Robust Dialog State Tracking Using Delexicalised Recurrent Neural Networks and Unsupervised Adaptation}},
    year = {2014}
    }

@inproceedings{Henderson2014a,
    author = { Henderson, M. and  Thomson, B. and Williams, J.},
    booktitle = {Proceedings of SIGdial},
    title = {{The Second Dialog State Tracking Challenge}},
    year = {2014}
}
@misc{MechT,
  title = {Amazon Mechanical Turk},
  howpublished = {\url{https://www.mturk.com/mturk}},
  note = {Accessed: 2016-08-30}
}